% Encoding: UTF-8

@book{healthFound,
	title={Using safety cases in industry and healthcare},
	author={Health Foundation},
	year={December 2012},
}

@book{hse,
	title={Safety Assessment Principles for Nuclear Facilities},
	author={Health and Safety Executive (HSE)},
	year={2006},
}

@book{mod2007,
	title={Defence Standard 00-56 Issue 4: Safety Management Requirements for Defence Systems},
	author={UK Ministry of Defence (MoD)},
	year={2007},
}

@book{caa2007,
	title={CAP 670 - Air Traffic Services Safety Requirements},
	author={Civil Aviation Authority (CAA), Safety Regulation Group},
	year={2007},
}

@book{yellowBook2007,
	title={Engineering Safety Management (The Yellow Book)},
	author={Rail Safety and Standards Board},
	year={2007},
}

@inproceedings{kelly2004goal,
	title={The goal structuring notation--a safety argument notation},
	author={Kelly, Tim and Weaver, Rob},
	booktitle={Proceedings of the dependable systems and networks 2004 workshop on assurance cases},
	pages={6},
	year={2004},
	organization={Citeseer}
}

@incollection{chinneck2004turning,
	title={Turning up the HEAT on safety case construction},
	author={Chinneck, Paul and Pumfrey, David and Kelly, Tim},
	booktitle={Practical Elements of Safety},
	pages={223--240},
	year={2004},
	publisher={Springer}
}

@incollection{kelly1997safety,
	title={Safety case construction and reuse using patterns},
	author={Kelly, Tim P and McDermid, John A},
	booktitle={Safe Comp 97},
	pages={55--69},
	year={1997},
	publisher={Springer}
}

@article{hawkins2013assurance,
	title={Assurance cases and prescriptive software safety certification: A comparative study},
	author={Hawkins, Richard and Habli, Ibrahim and Kelly, Tim and McDermid, John},
	journal={Safety science},
	volume={59},
	pages={55--71},
	year={2013},
	publisher={Elsevier}
}

@misc{cae,
	title={{Claims, Arguments and Evidence (CAE)}},
	howpublished = {\url{https://www.adelard.com/asce/choosing-asce/cae.html}},
	note = {Accessed: 06-04-2018}	
}

@misc{asce,
	title={{Adelard Safety Case Editor (ASCE)}},
	howpublished = {\url{https://www.adelard.co.uk}},
	note = {Accessed: 06-04-2018}	
}

@misc{iscade,
	title={{Integrated Safety Case Development Environment (ISCaDE)}},
	howpublished = {\url{http://www.iscade.co.uk/}},
	note = {Accessed: 06-04-2018}	
}

@misc{yorkgsn,
	title={{University of York Freeware Visio Add-on}},
	howpublished = {\url{http://www.cs.york.ac.uk/~tpk/gsn/gsnaddoninstaller.zip}},
	note = {Accessed: 06-04-2018}	
}



@Comment{jabref-meta: databaseType:bibtex;}
